@Manual{R-base,
  title = {R: A Language and Environment for Statistical Computing},
  author = {{R Core Team}},
  organization = {R Foundation for Statistical Computing},
  address = {Vienna, Austria},
  year = {2019},
  url = {https://www.R-project.org/},
}
@Manual{R-papaja,
  author = {Frederik Aust and Marius Barth},
  title = {{papaja}: {Create} {APA} manuscripts with {R Markdown}},
  year = {2020},
  note = {R package version 0.1.0.9997},
  url = {https://github.com/crsh/papaja},
}
@Manual{R-dplyr,
  title = {dplyr: A Grammar of Data Manipulation},
<<<<<<< Updated upstream
  author = {Hadley Wickham and Romain François and Lionel Henry and Kirill Müller},
  year = {2020},
  note = {R package version 1.0.0},
=======
  author = {Hadley Wickham and Romain François and Lionel {
             Henry} and Kirill Müller},
  year = {2020},
  note = {R package version 1.0.2},
>>>>>>> Stashed changes
  url = {https://CRAN.R-project.org/package=dplyr},
}
@Manual{R-forcats,
  title = {forcats: Tools for Working with Categorical Variables (Factors)},
  author = {Hadley Wickham},
  year = {2020},
  note = {R package version 0.5.0},
  url = {https://CRAN.R-project.org/package=forcats},
}
@Book{R-ggplot2,
  author = {Hadley Wickham},
  title = {ggplot2: Elegant Graphics for Data Analysis},
  publisher = {Springer-Verlag New York},
  year = {2016},
  isbn = {978-3-319-24277-4},
  url = {https://ggplot2.tidyverse.org},
}
<<<<<<< Updated upstream
=======
@Manual{R-here,
  title = {here: A Simpler Way to Find Your Files},
  author = {Kirill Müller},
  year = {2017},
  note = {R package version 0.1},
  url = {https://CRAN.R-project.org/package=here},
}
>>>>>>> Stashed changes
@Manual{R-janitor,
  title = {janitor: Simple Tools for Examining and Cleaning Dirty Data},
  author = {Sam Firke},
  year = {2020},
  note = {R package version 2.0.1},
  url = {https://CRAN.R-project.org/package=janitor},
}
<<<<<<< Updated upstream
=======
@Manual{R-kableExtra,
  title = {kableExtra: Construct Complex Table with 'kable' and Pipe Syntax},
  author = {Hao Zhu},
  year = {2020},
  note = {R package version 1.3.1},
  url = {https://CRAN.R-project.org/package=kableExtra},
}
>>>>>>> Stashed changes
@Book{R-knitr,
  title = {Dynamic Documents with {R} and knitr},
  author = {Yihui Xie},
  publisher = {Chapman and Hall/CRC},
  address = {Boca Raton, Florida},
  year = {2015},
  edition = {2nd},
  note = {ISBN 978-1498716963},
  url = {https://yihui.org/knitr/},
}
@Manual{R-magrittr,
  title = {magrittr: A Forward-Pipe Operator for R},
  author = {Stefan Milton Bache and Hadley Wickham},
  year = {2014},
  note = {R package version 1.5},
  url = {https://CRAN.R-project.org/package=magrittr},
}
@Manual{R-purrr,
  title = {purrr: Functional Programming Tools},
  author = {Lionel Henry and Hadley Wickham},
  year = {2020},
  note = {R package version 0.3.4},
  url = {https://CRAN.R-project.org/package=purrr},
}
@incollection{putnam2000bowling,
  title={Bowling alone: America’s declining social capital},
  author={Putnam, Robert D},
  booktitle={Culture and politics},
  pages={223--234},
  year={2000},
  publisher={Springer}
}
@Manual{R-readr,
  title = {readr: Read Rectangular Text Data},
  author = {Hadley Wickham and Jim Hester and Romain Francois},
  year = {2018},
  note = {R package version 1.3.1},
  url = {https://CRAN.R-project.org/package=readr},
}
@Manual{R-rio,
  title = {rio: A Swiss-army knife for data file I/O},
  author = {Chung-hong Chan and Geoffrey CH Chan and Thomas J. Leeper and Jason Becker},
  year = {2018},
  note = {R package version 0.5.16},
}
@Manual{R-stringr,
  title = {stringr: Simple, Consistent Wrappers for Common String Operations},
  author = {Hadley Wickham},
  year = {2019},
  note = {R package version 1.4.0},
  url = {https://CRAN.R-project.org/package=stringr},
}
@Manual{R-tibble,
  title = {tibble: Simple Data Frames},
  author = {Kirill Müller and Hadley Wickham},
  year = {2020},
<<<<<<< Updated upstream
  note = {R package version 3.0.2},
=======
  note = {R package version 3.0.3},
>>>>>>> Stashed changes
  url = {https://CRAN.R-project.org/package=tibble},
}
@Manual{R-tidyr,
  title = {tidyr: Tidy Messy Data},
<<<<<<< Updated upstream
  author = {Hadley Wickham and Lionel Henry},
  year = {2020},
  note = {R package version 1.1.0},
=======
  author = {Hadley Wickham},
  year = {2020},
  note = {R package version 1.1.2},
>>>>>>> Stashed changes
  url = {https://CRAN.R-project.org/package=tidyr},
}
@Article{R-tidyverse,
  title = {Welcome to the {tidyverse}},
  author = {Hadley Wickham and Mara Averick and Jennifer Bryan and Winston Chang and Lucy D'Agostino McGowan and Romain François and Garrett Grolemund and Alex Hayes and Lionel Henry and Jim Hester and Max Kuhn and Thomas Lin Pedersen and Evan Miller and Stephan Milton Bache and Kirill Müller and Jeroen Ooms and David Robinson and Dana Paige Seidel and Vitalie Spinu and Kohske Takahashi and Davis Vaughan and Claus Wilke and Kara Woo and Hiroaki Yutani},
  year = {2019},
  journal = {Journal of Open Source Software},
  volume = {4},
  number = {43},
  pages = {1686},
  doi = {10.21105/joss.01686},
}
<<<<<<< Updated upstream
@Manual{R-here,
  title = {here: A Simpler Way to Find Your Files},
  author = {Kirill Müller},
  year = {2017},
  note = {R package version 0.1},
  url = {https://CRAN.R-project.org/package=here},
}
@Manual{R-kableExtra,
  title = {kableExtra: Construct Complex Table with 'kable' and Pipe Syntax},
  author = {Hao Zhu},
  year = {2020},
  note = {R package version 1.3.1},
  url = {https://CRAN.R-project.org/package=kableExtra},
}
<<<<<<< HEAD
=======
>>>>>>> Stashed changes
=======
@Manual{R-sjlabelled,
  title = {sjlabelled: Labelled Data Utility Functions (Version 1.1.7)},
  author = {Daniel Lüdecke},
  year = {2020},
  url = {https://CRAN.R-project.org/package=sjlabelled},
  doi = {10.5281/zenodo.1249215},
}
@Manual{R-broom,
  title = {broom: Convert Statistical Objects into Tidy Tibbles},
  author = {David Robinson and Alex Hayes and Simon Couch},
  year = {2020},
  note = {R package version 0.7.0},
  url = {https://CRAN.R-project.org/package=broom},
}
@Manual{R-gtsummary,
  title = {gtsummary: Presentation-Ready Data Summary and Analytic Result Tables},
  author = {Daniel D. Sjoberg and Michael Curry and Margie Hannum and Karissa Whiting and Emily C. Zabor},
  year = {2020},
  note = {R package version 1.3.5},
  url = {https://CRAN.R-project.org/package=gtsummary},
}
<<<<<<< Updated upstream
>>>>>>> main
=======
>>>>>>> Stashed changes
@Manual{R-corx,
  title = {corx: Create and Format Correlation Matrices},
  author = {James Conigrave},
  year = {2020},
  note = {R package version 1.0.6.1},
  url = {https://CRAN.R-project.org/package=corx},
}
@Manual{R-scales,
  title = {scales: Scale Functions for Visualization},
  author = {Hadley Wickham and Dana Seidel},
  year = {2020},
  note = {R package version 1.1.1},
  url = {https://CRAN.R-project.org/package=scales},
}
@Article{R-sjmisc,
  title = {sjmisc: Data and Variable Transformation Functions.},
  volume = {3},
  doi = {10.21105/joss.00754},
  number = {26},
  journal = {Journal of Open Source Software},
  author = {Daniel Lüdecke},
  year = {2018},
  pages = {754},
}
@Manual{R-usmap,
  title = {usmap: US Maps Including Alaska and Hawaii},
  author = {Paolo {Di Lorenzo}},
  year = {2020},
  note = {R package version 0.5.1},
  url = {https://CRAN.R-project.org/package=usmap},
}
<<<<<<< Updated upstream
@Manual{R-ggpubr,
  title = {ggpubr: 'ggplot2' Based Publication Ready Plots},
  author = {Alboukadel Kassambara},
  year = {2020},
  note = {R package version 0.4.0},
  url = {https://CRAN.R-project.org/package=ggpubr},
}
@TechReport{RePEc:nbr:nberwo:27651,
  author={Paola Giuliano and Romain Wacziarg},
  title={{Who Voted for Trump? Populism and Social Capital}},
  year=2020,
  month=Aug,
  institution={National Bureau of Economic Research, Inc},
  type={NBER Working Papers},
  url={https://ideas.repec.org/p/nbr/nberwo/27651.html},
  number={27651},
  keywords={},
  doi={},
}
@TechReport{RePEc:cpr:ceprdp:15259,
  author={Lee, Neil and Lipp, Cornelius and Rodríguez-Pose, Andrés},
  title={{Golfing with Trump. Social capital, decline, inequality, and the rise of populism in the US}},
  year=2020,
  month=Sep,
  institution={C.E.P.R. Discussion Papers},
  type={CEPR Discussion Papers},
  url={https://ideas.repec.org/p/cpr/ceprdp/15259.html},
  number={15259},
  doi={},
}
=======
>>>>>>> Stashed changes
